@book{or-textbook,
  Author = {Frederick S Hillier},
  Title = {Introduction to Operations Research},
  Publisher = {McGraw-Hill},
  Year = {2014},
  ISBN = {0073523453},
}

@mics{us-elec,
  Title= "Form EIA-826",
  Year= 2016,
  author = "US Energy Information Administration",
  url = "http://www.eia.gov/electricity/data/eia826/index.html"
}

@misc{us-coal,
  Title = "American Coal Price",
  Year = 2016,
  author = "Quandl",
  url = "https://www.quandl.com/collections/markets/coal"
}
